@incollection{krotzsch_semantic_2009,
	address = {Berlin, Heidelberg},
	series = {X.media.press},
	title = {Semantic {Wikipedia}},
	isbn = {978-3-540-72216-8},
	url = {https://doi.org/10.1007/978-3-540-72216-8_19},
	language = {de},
	urldate = {2019-10-21},
	booktitle = {Social {Semantic} {Web}: {Web} 2.0 -- {Was} nun?},
	publisher = {Springer},
	author = {Krötzsch, Markus and Vrandečić, Denny},
	editor = {Blumauer, Andreas and Pellegrini, Tassilo},
	year = {2009},
	doi = {10.1007/978-3-540-72216-8_19},
	pages = {393--421}
}

@book{burke_social_2012,
	edition = {1},
	title = {A {Social} {History} of {Knowledge} {II}: {From} the {Encyclopaedia} to {Wikipedia}},
	isbn = {0-7456-5042-2},
	shorttitle = {A {Social} {History} of {Knowledge} {II}},
	language = {en},
	address = {Oxford, Boston},
	publisher = {Polity},
	author = {Burke, Peter},
	year = {2012}
}

@article{vrandecic_wikidata_2014,
	title = {Wikidata: a free collaborative knowledgebase},
	volume = {57},
	issn = {0001-0782, 1557-7317},
	shorttitle = {Wikidata},
	url = {https://dl.acm.org/doi/10.1145/2629489},
	doi = {10.1145/2629489},
	language = {en},
	number = {10},
	urldate = {2020-11-13},
	journal = {Communications of the ACM},
	author = {Vrandečić, Denny and Krötzsch, Markus},
	month = sep,
	year = {2014},
	pages = {78--85}
}
